@TechReport{listingCite,
	author = {Carsten Heinz and Brooks Moses},
	title  ={The Listings Package},
	year = {2007},
	institution = {CTAN TEX Archive},
	url=		{http://www.ctan.org/tex-archive/macros/latex/contrib/listings}
}

@TechReport{LatexNotSoShort,
	author = {Tobias Oetiker and Hubert Partl and Irene Hyna and Elisabeth Schlegl},
	title  ={The Not So Short Introduction to {L}A{T}EX},
	year = {2008},
	institution = {CTAN TEX Archive},
	url = {http://www.ctan.org/tex-archive/info/lshort/english}
}

@TechReport{LatexNotSoShortHU,
	author = {Tobias Oetiker and Hubert Partl and Irene Hyna and Elisabeth Schlegl},
	title  ={Egy Nem Túl Rövid
Bevezet{\H{O}} a  {L}a{T}ex Használatába},
	year = {1998},
	institution = {BME math Latex},
	url = {http://www.math.bme.hu/latex}
}

@Book{Doob95,
	author = {Michael Doob},
	title = {{T}e{X} könnyedén (A gentle introduction to {T}e{X})},
	year = {1995},
	publisher = {POLYGON},
	url = {http://www.inf.unideb.hu/~matex/konyvek/texkonyvek.html}
}

@Book{MittelbachEtAl04,
	author = {Frank Mittelbach and Michel Goossens and Johannes Braams and David Carlisle and Chris Rowley},
	title = {The Latex Companion},
	year = {2004},
	publisher = {Addison Wesley}
}


@Book{Mitchell97,
  annote    = {L11},
  author    = {Tom M. Mitchell},
  title     = {Machine Learning},
  series    = {Computer Science Series},
  publisher = {McGraw-Hill},
  address   = {New York},
  year      = {1997},
}
@Book{GilksRichSpieg96,
  author =       {Walter R. Gilks and Sylvia Richardson and David J. Spiegelhalter},
  title =        {Markov Chain Monte Carlo in Practice},
  publisher =    {Chapman and Hall},
  year =         {1996},
  address =      {London},
  note =         {486pp}
}
@Book{RasmussenWilliams06,
  author =       {Carl Edward Rasmussen and Christopher K. I. Williams},
  title =        {Gaussian Processes for Machine Learning},
  publisher =    MIT,
  year =         2006
}
@Book{Haykin99,
  author =       {Simon Haykin},
  title =        {Neural Networks -- a Comprehensive Foundation},
  publisher =    {Prentice Hall},
  year =         1999
}
@Book{Nabney02,
  author =	 {Ian T. Nabney},
  title = 	 {{NETLAB} - Algorithms for Pattern Recognition},
  publisher = 	 {Springer},
  year = 	 2002
}
@BOOK{Bishop06,
  AUTHOR =	 "Christopher M. Bishop",
  TITLE =	 "Pattern Recognition and Machine Learning",
  YEAR =	 2006,
  PUBLISHER =	 "Springer Verlag",
  ADDRESS =	 "New York, N.Y."
}
@Book{Bishop95,
  author = {Christopher M. Bishop},
  title = {Neural Networks for Pattern Recognition},
  year = {1995},
  address   = {Oxford},
  publisher = {Oxford University Press}
}

@BOOK{RussellNorvig95,
    AUTHOR = "Stuart J. Russell and Peter Norvig",
    TITLE = "Artificial Intelligence, A Modern Approach",
    PUBLISHER = "Prentice-Hall",
    YEAR = "1995",
    ADDRESS = "Englewood Cliffs, N.J"
}
@BOOK{Hebb49,
    AUTHOR = "Donald O. Hebb",
    TITLE = "The Organization of Behavior",
    PUBLISHER = "Wiley",
    YEAR = "1949"
}
@BOOK{Webb03,
    AUTHOR = "Andrew R. Webb",
    TITLE = "Statistical Pattern Recognition",
    PUBLISHER = "John Wiley",
    YEAR = "2003"
}
@Article{McCulloghPitts43,
	author = {McCullogh, W. S. and Pitts, W. H.},
	title = {A logical calculus of the ideas immanent in nervous activity},
	year  ={1943},
	journal = {Bulletin of Mathematical Biophysics},
	volume = 5,
	pages = {115--133}
}
@Article{Rosenblatt58,
	author = {Rosenblatt, F.},
	title = {The perceptron: a probabilistic model for information storage and organization in the brain},
	year  ={1958},
	journal = {Psychological Review},
	volume = 65,
	pages = {386--408}
}
@BOOK{MinskyPapert69,
    AUTHOR = "Marvin Minsky and Seymour Papert",
    TITLE = "Perceptrons (enlarged edition in 1988)",
    PUBLISHER = "The MIT Press",
    YEAR = "1969"
}
@Book{Recipes92,
  author       = {W. H. Press and B. P. Flannery and S. A. Teukolsky and
                  W. T. Vetterling},
  title        = {Numerical Recipes in {C}},
  publisher    = {Cambridge University Press},
  address      = {Cambridge},
  edition      = {Second},
  year         = 1992
}

@Book{DevGyoLug96,
  author =       {Luc Devroye and L{\'a}szl{\'o} Gy{\"o}rfi and G{\'a}bor Lugosi},
  title =        {A Probabilistic Theory of Pattern Recognition},
  publisher =    "Springer",
  year =         1996,
  address =      "New York"
}

@Book{McCullaghNelder89,
  author =       {P. McCullagh and J. A. Nelder},
  title =        {Generalized Linear Models},
  publisher =    {Chapman \& Hall},
  address =      {London},
  year =         1989
} 

@Book{CoverThomas91,
  author =       {Thomas M. Cover and Joy A. Thomas},
  title =        {Elements of Information Theory},
  publisher =    {John Wiley \& Sons},
  year =         {1991}
}

@Book{Jaynes03,
  author =       {E. T. Jaynes},
  title =        {Probability Theory: The Logic of Science},
  publisher =    {Cambridge University Press},
  year =         {2003},
  address =      {Cambridge}
}

@Book{Soos01,
  author =       {Anna Soós},
  title =        {A valószínûségszámítás elemei},
  publisher =    {Egyetemi Kiadó},
  year =         {2001},
  address =      {kolozsvár}
}

@Book{SmolaScholkopf02,
	author =	 {Alexander J. Smola and Bernhard Sch{\"o}lkopf},
	title =	 {Learning with Kernels},
	publisher =	 {MIT Press},
	year =	 2002
}
@Inproceedings{Weston99,
	author=		"J. Weston and C. Watkins",
	title=		"Support vector machines for multiclass pattern recognition",
	booktitle=	"Proceedings of the Seventh European Symposium On Artificial Neural Networks",
	year=		"1999",
	month=		"4",
	url=		"http://citeseer.ist.psu.edu/article/weston99support.html",
}
@Book{Boyd04,
  author ="S. P. Boyd and L. Vandenberghe",
  title =	"Convex Optimization",
  publisher =	"Cambridge University Press",
  address =	"Cambridge, UK",
  year = 	"2004",
  URL =  	"http://www.stanford.edu/~boyd/cvxbook.html",
}
@Misc{Lin03,
  title =	"A Study on Sigmoid Kernels for {SVM} and the Training of non-{PSD} Kernels by {SMO}-type Methods",
  author =	"Hsuan-tien Lin and Chih-jen Lin",
  year = 	"2003",
  URL =  	"http://citeseer.ist.psu.edu/584223.html",
}
@Article{BenHur01,
  author =	"Asa Ben-Hur and David Horn and Hava T. Siegelmann and
		 Vladimir Vapnik",
  title =	"Support Vector Clustering",
  journal =	"Journal of Machine Learning Research",
  volume =	"2",
  year = 	"2001",
  pages =	"125--137",
}
@Article{Furnkrantz02,
  author =	"Johannes F{{\"u}}rnkranz",
  title =	"Round Robin Classification",
  journal =	"Journal of Machine Learning Research",
  volume =	"2",
  year = 	"2002",
  pages =	"721--747",
}
@Misc{Berger99,
  title =	"Error-Correcting Output Coding for Text
		 Classification",
  author =	"Adam Berger",
  year = 	"1999",
  URL =  	"http://citeseer.ist.psu.edu/172289.html",
}
@Article{Diettrich95,
   author =	"T. G. Dietterich and G. Bakiri",
   title =	"Solving Multiclass Learning Problems via
 		 Error-Correcting Output Codes",
   journal =	"Journal of Artificial Intelligence Research",
   volume =	"2",
   year = 	"1995",
   pages =	"263--286",
}
@InProceedings{Platt99,
  title =	"Large Margin {DAG}s for Multiclass Classification",
  author =	"John C. Platt and Nello Cristianini and John Shawe-Taylor",
  publisher =	"The MIT Press",
  booktitle = {Neural Information Processing Systems},
  year = 	"1999",
  URL =  	"http://nips.djvuzone.org/djvu/nips12/0547.djvu"
}
@InProceedings{Crammer02,
  title =	"A new family of online algorithms for category ranking",
  author =	"Koby Crammer and Yoram Singer",
  booktitle = {The 25th Annual International ACM SIGIR Conference},
  publisher =	"ACM",
  year = 	"2002",
  URL =  	"http://doi.acm.org/10.1145/564376.564404"
}
@Misc{Hsu01,
  title =	"A Comparison of Methods for Multi-class Support Vector
		 Machines",
  author =	"Chih-wei Hsu and Chih-jen Lin",
  year = 	"2001",
  URL =  	"http://citeseer.ist.psu.edu/537288.html",
}
@InProceedings{Dhillon04,
  title =	"Kernel k-means: spectral clustering and normalized
		 cuts",
  author =	"Inderjit S. Dhillon and Yuqiang Guan and Brian Kulis",
  booktitle = {ACM SIGKDD -- Knowledge discovery and data mining},
  URL =  	"http://doi.acm.org/10.1145/1014052.1014118",
  year = 2004,
  pages = {551--556}
}
@TechReport{Vishwanathan02,
  title =	"Kernel Enabled {K}-Means Algorithm",
  author =	"S.V.N. Vishwanathan and Narasimha M. Murty",
  institution = {The Indian Institute of Science, Bangalore},
  year = 	"2002",
  URL =  	"http://eprints.iisc.ernet.in/archive/00000010",
}
@TechReport{Scholkopf96,
  author =	"Berhard Sch{\"{o}}lkopf and Alexander Smola and
		 Klaus-Robert M{{\"u}}ller",
  title =	"Nonlinear Component Analysis as a Kernel Eigenvalue
		 Problem",
  institution =  "Max-Planck Institut f{{\"u}}r biologische Kybernetik,
		 Arbeitsgruppe B{{\"u}}lthoff",
  year = 	"1996",
  number =	"44"
}
@TechReport{MatrixCookbook,
	author = {Kaare Brandt Petersen and Michael Syskind Pedersen},
	title  = {The Matrix Cookbook},
	institution = {Technical University of Denmark},
	year = 2007,
	url = {http://matrixcookbook.com/}
}
@InProceedings{Lewis95,
  author =	"David D. Lewis",
  year = 	"1995",
  address =	"New York, NY, USA",
  booktitle =	"SIGIR '95",
  pages =	"246--254",
  publisher =	"ACM Press",
  title =	"Evaluating and optimizing autonomous text
		 classification systems",
}
@Book{VanRijsbergen79,
  author =	"Cornelis J. Van Rijsbergen",
  year = 	"1979",
  publisher =	"Butterworths",
  title =	"Information Retrieval",
}
@Book{BerSm94,
  author = 	 {Jos{\'e} M. Bernardo and Adrian F.M. Smith},
  title = 	 {{B}ayesian Theory},
  publisher = 	 {John Wiley \& Sons},
  year = 	 1994
}
@Book{Freedetal05,
  author = 	 {David Freedman and Robert Pisani and Roger Purves},
  title = 	 {Statisztika},
  publisher = 	 {Typotex},
  address =  {Budapest},
  year = 	 2005
}
@InProceedings{vonMalsburg90,
	author = {Christoph {von der M}alsburg},
	title = {Network self-organization},
	editor = {Steven F. Zornetzer and Joel L. Davis and Clifford Lau},
	booktitle = {An Introduction to Neural and Electronic Networks},
	year = {1990},
	pages = {421--432},
	publisher = {Academic Press}
}
@BOOK{Kohonen89,
    AUTHOR = "Teuvo Kohonen",
    TITLE = "Self-Organization and Associative Memory",
    PUBLISHER = "Springer-Verlag",
    YEAR = "1989",
    ADDRESS = "New York"
}
@BOOK{Kohonen01,
    AUTHOR = "Teuvo Kohonen",
    TITLE = "Self-Organizing Maps",
    PUBLISHER = "Springer-Verlag",
    YEAR = "2001",
    EDITION = "Third",
    ADDRESS = "New York"
}
@BOOK{Arbib03,
    EDITOR = "Michael A. Arbib",
    TITLE = "The Handbook of Brain Theory and Neural Networks",
    PUBLISHER = "The MIT Press",
    YEAR = "2003",
    EDITION = "Second",
    ADDRESS = "Cambridge, Massachusetts"
}
@InCollection{YuilleGeiger03,
	author = {Alan L. Yuille and Davi Geiger},
	crossref = {Arbib03},
	title  = {Winner-Take-All Networks},
	pages = {1228--1231}
}
@BOOK{FrHasTib04,
  author = {Trevor Hastie and Robert Tibshirani and Jerome Friedman},
  title = {The Elements of Statistical Learning: Data Mining, Inference, and Prediction},
  year = {2001},
  publisher = {Springer Verlag}
}
@Book{Fukunaga90,
  author =	 {Keinoshuke Fukunaga},
  title =	 {Introduction to Statistical Pattern Analysis},
  publisher =	 {Academic Press},
  year =	 {1990}
}
@BOOK{Wang05,
    EDITOR = "Lipo Wang",
    TITLE = "Support Vector Machines: Teory and Applications",
    PUBLISHER = "Springer",
    YEAR = "2005",
    ADDRESS = "Berlin, Heidelberg"
}
@InCollection{Kecman05,
	author = {Vojislav Kecman},
	crossref = {Wang05},
	title  = {Support Vector Machines: An Introduction},
	pages = {1--47}
}
@Book{Vapnik98,
  author =	"Vladimir Vapnik",
  title =	"Statistical Learning Theory",
  publisher =	"Wiley",
  year = 	"1998"
}
@InCollection{Burges98,
  author =	"Christopher J. C. Burges",
  year = 	"1998",
  booktitle =	"Knowledge Discovery and Data Mining",
  pages =	"121--167",
  title =	"A Tutorial on Support Vector Machines for Pattern
		 Recognition",
	publisher = {Kluwer Academic}
}
@InProceedings{Joachims98,
  title =	"Text Categorization with Suport Vector Machines:
		 Learning with Many Relevant Features",
  author =	"Thorsten Joachims",
  bibdate =	"2002-02-20",
  bibsource =	"DBLP,
		 http://dblp.uni-trier.de/db/conf/ecml/ecml98.html#Joachims98",
  booktitle =	"Machine Learning: {ECML}-98, 10th European Conference
		 on Machine Learning, Chemnitz, Germany, April 21-23,
		 1998, Proceedings",
  publisher =	"Springer",
  year = 	"1998",
  volume =	"1398",
  editor =	"Claire Nedellec and C{\'e}line Rouveirol",
  ISBN = 	"3-540-64417-2",
  pages =	"137--142",
  series =	"Lecture Notes in Computer Science",
}
@Misc{Joachims03,
	author = "Thorsten Joachims",
	title = "Support Vector and Kernel Methods",
	year = "2003",
	type = "Tutorial at SIGIR'03",
	url = "http://www.cs.cornell.edu/courses/cs578/2003fa/slides_sigir03_tutorial-modified.v3.pdf",
}
@Article{DemLaiRub77,
  author       = {A. P. Dempster and N. M. Laird and D. B. Rubin},
  title	       = {Maximum likelihood from incomplete data via the {EM}
                    algorithm (with discussion)},
  journal      = "Journal of the Royal Statistical Society series B",
  volume       = 39,
  pages	       = {1--38},
  year	       = 1977
}
@BOOK{Grossberg82,
    AUTHOR = "S. Grossberg",
    TITLE = "Studies of Mind and Brain",
    PUBLISHER = "Kluwer Academic",
    YEAR = "1982",
    ADDRESS = "Boston, MA"
}
@BOOK{RabinerJuang93,
  AUTHOR = "Lawrence Rabiner and Biing-Hwang Juang",
  TITLE = "Fundamentals of Speech Recognition",
  PUBLISHER = "Prentice-Hall",
  YEAR = "1993"
}
@BOOK{BaldiBrunak98,
  AUTHOR = "Pierre Baldi and S{\o}ren Brunak",
  TITLE = "Bioinformatics: The Machine Learning Approach",
  PUBLISHER = "The MIT Press",
  YEAR = "1998"
}
@BOOK{Vapnik95,
  AUTHOR = "Vladimir N. Vapnik",
  TITLE = "The Nature of Statistical Learning Theory",
  PUBLISHER = "Springer-Verlag",
  YEAR = 1995
}
@Book{Stein99,
  editor =	  {Michael L. Stein},
  title = 	  {Interpolation of Spatial Data: Some theory for kriging},
  publisher = {Springer},
  year = 	     1999
}
@Book{Amari85,
  author =	 {Shun{-i}chi Amari},
  title = 	 {Differential Geometrical Methods in Statistics},
  publisher = 	 {Springer Verlag},
  year = 	 1985,
  series =	 {Lecture Notes in Statistics 28}
}

@Article{Amari98,
  author =	 {Shun{-i}chi Amari},
  title =	 {Natural Gradient Works Efficiently in Learning},
  journal =	 {Neural Computation},
  year =	 1998,
  volume =	 10,
  pages =	 {251--276}
}